<record><leader>00000cas a22000007a 4500</leader><controlfield tag="001">10742147</controlfield><controlfield tag="008">840517c19uu9999miudn ne      0   a0eng d</controlfield><datafield ind1=" " ind2=" " tag="010"><subfield code="a">sn 84008403 </subfield></datafield><datafield ind1=" " ind2=" " tag="040"><subfield code="a">NSD</subfield><subfield code="b">eng</subfield><subfield code="c">NSD</subfield><subfield code="d">OCLCQ</subfield></datafield><datafield ind1=" " ind2=" " tag="012"><subfield code="l">a</subfield><subfield code="m">1</subfield></datafield><datafield ind1="1" ind2=" " tag="022"><subfield code="a">0747-3230</subfield><subfield code="l">0747-3230</subfield><subfield code="2">1</subfield></datafield><datafield ind1=" " ind2=" " tag="032"><subfield code="a">524000</subfield><subfield code="b">USPS</subfield></datafield><datafield ind1=" " ind2=" " tag="037"><subfield code="b">Sturgis Journal, 209 John St., P.O. Box 660, Sturgis, MI 49091</subfield></datafield><datafield ind1=" " ind2=" " tag="042"><subfield code="a">nsdp</subfield></datafield><datafield ind1="0" ind2=" " tag="130"><subfield code="a">Sturgis journal (Michigan edition)</subfield></datafield><datafield ind1=" " ind2="0" tag="222"><subfield code="a">Sturgis journal</subfield><subfield code="b">(Michigan ed.)</subfield></datafield><datafield ind1="1" ind2="0" tag="245"><subfield code="a">Sturgis journal.</subfield></datafield><datafield ind1=" " ind2=" " tag="250"><subfield code="a">[Mich. ed.].</subfield></datafield><datafield ind1=" " ind2=" " tag="260"><subfield code="a">Sturgis, Mich. :</subfield><subfield code="b">[Sturgis Journal, Inc.]</subfield></datafield><datafield ind1=" " ind2=" " tag="310"><subfield code="a">Daily (except Sunday &amp; holidays)</subfield></datafield><datafield ind1=" " ind2=" " tag="588"><subfield code="a">Description based on: 124th year, no. 193 (Thursday, May 3, 1984).</subfield></datafield><datafield ind1=" " ind2=" " tag="588"><subfield code="a">Latest issue consulted: May 10, 1989.</subfield></datafield><datafield ind1=" " ind2=" " tag="752"><subfield code="a">United States</subfield><subfield code="b">Michigan</subfield><subfield code="c">St. Joseph</subfield><subfield code="d">Sturgis.</subfield></datafield><datafield ind1="0" ind2="0" tag="780"><subfield code="t">Sturgis daily journal (Michigan edition)</subfield></datafield></record>